<record><leader>00000cas a22000007a 4500</leader><controlfield tag="001">11373160</controlfield><controlfield tag="008">841110d185u185uohudr ne      0    0eng d</controlfield><datafield ind1=" " ind2=" " tag="010"><subfield code="a">sn 84024983 </subfield></datafield><datafield ind1=" " ind2=" " tag="040"><subfield code="a">NPV</subfield><subfield code="b">eng</subfield><subfield code="c">NPV</subfield><subfield code="d">NPX</subfield><subfield code="d">DLC</subfield><subfield code="d">NPA</subfield><subfield code="d">ONP</subfield><subfield code="d">NVF</subfield><subfield code="d">OCLCQ</subfield></datafield><datafield ind1=" " ind2=" " tag="042"><subfield code="a">msc</subfield></datafield><datafield ind1="0" ind2="0" tag="245"><subfield code="a">Daily Cincinnati times.</subfield></datafield><datafield ind1=" " ind2=" " tag="260"><subfield code="a">Cincinnati [Ohio] :</subfield><subfield code="b">C.W. Starbuck &amp; Co.</subfield></datafield><datafield ind1=" " ind2=" " tag="300"><subfield code="a">v. :</subfield><subfield code="b">ill. (chiefly advertisements) ;</subfield><subfield code="c">62 cm.</subfield></datafield><datafield ind1=" " ind2=" " tag="310"><subfield code="a">Daily</subfield></datafield><datafield ind1=" " ind2=" " tag="580"><subfield code="a">Weekly eds.: Dollar times (Cincinnati, Ohio), and: Dollar weekly times (Cincinnati, Ohio), &lt;1856-1862&gt;.</subfield></datafield><datafield ind1=" " ind2=" " tag="588"><subfield code="a">Description based on: Vol. 31, no. 4937 (May 12, 1856).</subfield></datafield><datafield ind1=" " ind2=" " tag="752"><subfield code="a">United States</subfield><subfield code="b">Ohio</subfield><subfield code="c">Hamilton</subfield><subfield code="d">Cincinnati.</subfield></datafield><datafield ind1="1" ind2=" " tag="775"><subfield code="t">Dollar times (Cincinnati, Ohio)</subfield><subfield code="w">(DLC)sn 85042277</subfield></datafield><datafield ind1="1" ind2=" " tag="775"><subfield code="t">Dollar weekly times (Cincinnati, Ohio)</subfield><subfield code="w">(DLC)sn 84024181</subfield></datafield><datafield ind1="0" ind2="0" tag="780"><subfield code="t">Daily times (Cincinnati, Ohio : 1841)</subfield><subfield code="w">(DLC)sn 84024975</subfield></datafield><datafield ind1="0" ind2="0" tag="785"><subfield code="t">Cincinnati daily times (Cincinnati, Ohio : 1852)</subfield><subfield code="w">(DLC)sn 88077414</subfield></datafield></record>